@online{talend-datasource,
  author = {Talend},
  title = {What is a Data Source?},
  howpublished = {\url{https://www.talend.com/resources/data-source/}},
  urldate = {05/12/2019},
}

@online{techopedia-datasource,
	author = {Techopedia},
	title = {Data Source},
	howpublished = {\url{https://www.techopedia.com/definition/30323/data-source}},
	urldate = {05/12/2019},
}

@online{relational-database-oracle,
	author = {Oracle},
	title = {What is a Relational Database?},
	howpublished = {\url{https://www.oracle.com/database/what-is-a-relational-database/}},
	urldate = {05/12/2019},
}

@online{timeseries-database-influxdata,
	author = {InfluxData},
	title = {Time series database (TSDB) explained},
	howpublished = {\url{https://www.influxdata.com/time-series-database/}},
	urldate = {05/12/2019},
}

@online{keyvalue-database-aws,
	author = {AWS},
	title = {What Is a Key-Value Database?},
	howpublished = {\url{https://aws.amazon.com/nosql/key-value/}},
	urldate = {05/12/2019},
}

@online{document-database-aws,
	author = {AWS},
	title = {What Is a Document Database?},
	howpublished = {\url{https://aws.amazon.com/nosql/document/}},
	urldate = {05/12/2019},
}

@online{grafana,
	author = {Grafana Labs},
	title = {Grafana},
	howpublished = {\url{https://grafana.com/}},
	urldate = {05/12/2019},
}

@online{grafana-datasource,
	author = {Grafana Labs},
	title = {Basic Concepts - Data Source},
	howpublished = {\url{https://grafana.com/docs/guides/basic_concepts/#data-source}},
	urldate = {05/12/2019},
}

@online{grafana-panel,
	author = {Grafana Labs},
	title = {Basic Concepts - Panel},
	howpublished = {\url{https://grafana.com/docs/guides/basic_concepts/#panel}},
	urldate = {05/12/2019},
}

@online{grafana-queryeditor,
	author = {Grafana Labs},
	title = {Basic Concepts - Query Editor},
	howpublished = {\url{https://grafana.com/docs/guides/basic_concepts/#query-editor}},
	urldate = {05/12/2019},
}

@online{grafana-dashboard,
	author = {Grafana Labs},
	title = {Basic Concepts - Dashboard},
	howpublished = {\url{https://grafana.com/docs/guides/basic_concepts/#dashboard}},
	urldate = {05/12/2019},
}

@online{grafana-dashboard-img,
	author = {kubecost},
	title = {Cluster cost and utilization metrics},
	howpublished = {\url{https://grafana.com/grafana/dashboards/8670}},
	urldate = {08/12/2019},
}

@online{visual-analysis,
	author = {Imre Kocsis},
	title = {Vizuális analízis},
	howpublished = {\url{http://docs.inf.mit.bme.hu/remo-jegyzet/vizualis-adatelemzes-konyvfejezet.pdf}},
	urldate = {05/12/2019},
}

@online{grafana-time-range-controls,
	author = {Grafana Labs},
	title = {Time Range Controls},
	howpublished = {\url{https://grafana.com/docs/reference/timerange/}},
	urldate = {05/12/2019},
}

@online{grafana-variables,
	author = {Grafana Labs},
	title = {Variables},
	howpublished = {\url{https://grafana.com/docs/reference/templating/}},
	urldate = {05/12/2019},
}

@online{grafana-variables-dashboard-image,
	author = {Grafana Labs},
	title = {Variables Dashboard image},
	howpublished = {\url{https://grafana.com/static/img/docs/v50/variables_dashboard.png}},
	urldate = {05/12/2019},
}

@online{grafana-variables-types,
	author = {Grafana Labs},
	title = {Variables - Variable types},
	howpublished = {\url{https://grafana.com/docs/reference/templating/#variable-types}},
	urldate = {05/12/2019},
}

@online{grafana-graph-datalink,
	author = {Grafana Labs},
	title = {Graph Panel - Data link},
	howpublished = {\url{https://grafana.com/docs/features/panels/graph/#data-link}},
	urldate = {05/12/2019},
}

@online{rapidminer-about,
	author = {RapidMiner},
	title = {About RapidMiner},
	howpublished = {\url{https://rapidminer.com/us/}},
	urldate = {05/12/2019},
}

@online{rapidminer-wikipedia,
	author = {Wikipedia},
	title = {RapidMiner},
	howpublished = {\url{https://en.wikipedia.org/wiki/RapidMiner}}
	urldate = {06/12/2019}
}

@online{rapidminer-server-arch,
	author = {RapidMiner},
	title = {RapidMiner Server - Scalable architecture},
	howpublished = {\url{https://docs.rapidminer.com/latest/server/overview/scalable-architecture.html}}
	urldate = {06/12/2019}
}

@online{json,
	author = {},
	title = {Introducing JSON},
	howpublished = {\url{https://www.json.org/json-en.html}}
	urldate = {06/12/2019}
}

@online{simple-json-datasource,
	author = {Grafana Labs},
	title = {Simple JSON Datasource},
	howpublished = {\url{https://github.com/grafana/simple-json-datasource}}
	urldate = {10/12/2019}
}

@online{fake-simple-json-datasource,
	author = {Carl Bergquist},
	title = {Simple JSON Datasource},
	howpublished = {\url{https://github.com/bergquist/fake-simple-json-datasource}}
	urldate = {10/12/2019}
}

@online{openweather,
	author = {OpenWeather},
	title = {Weather API},
	howpublished = {\url{https://openweathermap.org/api}}
	urldate = {10/12/2019}
}

@online{accuweather,
	author = {AccuWeather},
	title = {APIs},
	howpublished = {\url{https://developer.accuweather.com/}}
	urldate = {10/12/2019}
}

@online{accuweather,
	author = {Docker},
	title = {What is a Container?},
	howpublished = {\url{https://www.docker.com/resources/what-container}}
	urldate = {10/12/2019}
}

@online{thesis-repo,
	author = {martonorova},
	title = {Bsc thesis repository},
	howpublished = {\url{https://github.com/martonorova/thesis}}
	urldate = {10/12/2019}
}

@online{docker,
	author = {Docker},
	title = {What is a Container?},
	howpublished = {\url{https://www.docker.com/resources/what-container}}
	urldate = {10/12/2019}
}

@online{docker-compose,
	author = {Docker},
	title = {Overview of Docker Compose},
	howpublished = {\url{https://docs.docker.com/compose/}}
	urldate = {10/12/2019}
}

@online{xslt,
	author = {Kurt Cagle},
	title = {Why You Should Be Using XSLT 3.0},
	howpublished = {\url{https://www.xml.com/articles/2017/02/14/why-you-should-be-using-xslt-30/}}
	urldate = {10/12/2019}
}

@online{flask,
	author = {Armin Ronacher},
	title = {Flask},
	howpublished = {\url{https://www.palletsprojects.com/p/flask/}}
	urldate = {10/12/2019}
}

@online{requests,
	author = {Kenneth Reitz},
	title = {Requests: HTTP for Humans},
	howpublished = {\url{https://pypi.org/project/requests/}}
	urldate = {10/12/2019}
}

@online{graph-panel,
	author = {Grafana Labs},
	title = {Graph Panel},
	howpublished = {\url{https://grafana.com/docs/grafana/latest/features/panels/graph/}}
	urldate = {10/12/2019}
}

@online{graph-panel-webpack,
	author = {CorpGlory},
	title = {Graph Panel},
	howpublished = {\url{https://github.com/CorpGlory/grafana-graph-panel}}
	urldate = {10/12/2019}
}

@online{grafana-datasource-plugins,
	author = {Grafana Labs},
	title = {Plugins - Data Source},
	howpublished = {\url{https://grafana.com/grafana/plugins?orderBy=weight&direction=asc&type=datasource}}
	urldate = {10/12/2019}
}

